@misc{base_paper,
  author       = {Jeremy Booher and
                  Ross Bowden and
                  Javad Doliskani and
                  Tako Boris Fouotsa and
                  Steven D. Galbraith and
                  Sabrina Kunzweiler and
                  Simon-Philipp Merz and
                  Christophe Petit and
                  Benjamin Smith and
                  Katherine E. Stange and
                  Yan Bo Ti and
                  Christelle Vincent and
                  José Felipe Voloch and
                  Charlotte Weitkämper and
                  Lukas Zobernig},
  title        = {Failing to hash into supersingular isogeny graphs},
  howpublished = {Cryptology ePrint Archive, Report 2022/518},
  year         = {2022},
  note         = {\url{https://ia.cr/2022/518}},
}
@article{chenu_smith,
  author    = {Mathilde Chenu and
               Benjamin Smith},
  title     = {Higher-degree supersingular group actions},
  journal   = {CoRR},
  volume    = {abs/2107.08832},
  year      = {2021},
}
@book{neukirch,
  author    = {Juergen Neukirch},
  title     = {Algebraische Zahlentheorie},
  year      = {1992},
  publisher = {Springer}
}
@misc{mo_points_quadratic_hypersurface,
  author    = {Will Sawin},
  title     = {MO answer to ``Number of points of a quadric hypersurface over a finite field''},
  year      = {2022},
  note      = {\url{https://mathoverflow.net/questions/415339/number-of-points-of-a-quadric-hypersurface-over-a-finite-field}}
}
@misc{fp_supersingularity_tests,
  author = {Gustavo Banegas and Valerie Gilchrist and Benjamin Smith},
  title = {Efficient supersingularity testing over $\mathbb{F}_p$ and CSIDH key validation},
  howpublished = {Cryptology ePrint Archive, Paper 2022/880},
  year = {2022},
  url = {https://ia.cr/2022/880}
}
@article{class_group_action_waterhouse,
  author = {Waterhouse, William C.},
  title = {Abelian varieties over finite fields},
  journal = {Annales scientifiques de l'\'Ecole Normale Sup\'erieure},
  pages = {521--560},
  publisher = {Elsevier},
  volume = {Ser. 4, 2},
  number = {4},
  year = {1969},
}
@misc{csidh,
      author = {Wouter Castryck and Tanja Lange and Chloe Martindale and Lorenz Panny and Joost Renes},
      title = {CSIDH: An Efficient Post-Quantum Commutative Group Action},
      howpublished = {Cryptology ePrint Archive, Paper 2018/383},
      year = {2018},
      url = {https://eprint.iacr.org/2018/383}
}
@misc{osidh,
      author = {Leonardo Colò and David Kohel},
      title = {Orienting supersingular isogeny graphs},
      howpublished = {Cryptology ePrint Archive, Paper 2020/985},
      year = {2020},
      note = {\url{https://eprint.iacr.org/2020/985}},
      url = {https://eprint.iacr.org/2020/985}
}